<record><leader>00000cas a22000007a 4500</leader><controlfield tag="001">22135281</controlfield><controlfield tag="008">900724d19751977mnumr ne      0    0eng d</controlfield><controlfield tag="009">10516</controlfield><datafield ind1=" " ind2=" " tag="010"><subfield code="a">sn 90059986 </subfield></datafield><datafield ind1=" " ind2=" " tag="040"><subfield code="a">MN#</subfield><subfield code="b">eng</subfield><subfield code="c">MN#</subfield></datafield><datafield ind1="1" ind2=" " tag="029"><subfield code="a">AU@</subfield><subfield code="b">000025899398</subfield></datafield><datafield ind1=" " ind2=" " tag="042"><subfield code="a">msc</subfield></datafield><datafield ind1=" " ind2=" " tag="043"><subfield code="a">n-us-mn</subfield></datafield><datafield ind1=" " ind2=" " tag="052"><subfield code="a">4144</subfield><subfield code="b">M5:2N5</subfield></datafield><datafield ind1="0" ind2=" " tag="130"><subfield code="a">Link (Minneapolis, Minn. : 1975)</subfield></datafield><datafield ind1="0" ind2="0" tag="245"><subfield code="a">Link.</subfield></datafield><datafield ind1=" " ind2=" " tag="260"><subfield code="a">[Minneapolis, Minn.] :</subfield><subfield code="b">Field-Regina Neighborhood Group,</subfield><subfield code="c">1975-1977.</subfield></datafield><datafield ind1=" " ind2=" " tag="300"><subfield code="a">3 v.</subfield></datafield><datafield ind1=" " ind2=" " tag="310"><subfield code="a">Monthly</subfield></datafield><datafield ind1="0" ind2=" " tag="362"><subfield code="a">Vol. 1, no. 1 (June 1975)-v. 3, no. 6 (Nov. 1977).</subfield></datafield><datafield ind1=" " ind2=" " tag="521"><subfield code="a">Field-Regina Neighborhood</subfield></datafield><datafield ind1=" " ind2=" " tag="530"><subfield code="a">Available on microfilm from the Minnesota Historical Society.</subfield></datafield><datafield ind1=" " ind2=" " tag="752"><subfield code="a">United States</subfield><subfield code="b">Minnesota</subfield><subfield code="c">Hennepin</subfield><subfield code="d">Minneapolis.</subfield></datafield></record>